3036 4914
1215 393 1277 454 137

104 607 149 672 Et
179 607 267 672 circa
297 605 412 672 horam
438 625 557 668 nonam
584 603 738 669 clamavit
760 601 860 668 Jesus
883 623 960 669 voce
983 625 1119 688 magna,
1152 603 1279 670 dicens:

105 713 168 797 nli,
192 713 249 778 nli
272 712 394 776 lamma
417 707 634 776 sabacthani?
657 711 719 776 hoc
744 715 809 775 est:
834 707 927 775 Deus
949 731 1050 792 meus,
1073 709 1165 778 Deus
1188 731 1280 776 meus

104 826 141 885 ut
180 818 259 902 quid
299 817 502 900 dereliquisti
539 813 615 881 me?
661 813 803 899 Quidam
842 821 952 880 autem
986 816 1055 881 illic
1090 824 1213 883 stantes
1248 824 1281 882 et

105 925 292 1006 audientes,
317 924 485 990 dicebant:
533 923 645 987 Eliam
667 930 761 988 vocat
783 922 856 987 iste.
903 923 948 987 Et
971 924 1124 989 continuo
1148 944 1281 989 currens

104 1054 188 1098 unus
212 1054 252 1096 ex
276 1031 322 1096 eis
345 1036 514 1112 acceptam
545 1030 715 1112 spongiam
747 1029 893 1111 implevit
924 1035 1033 1111 aceto,
1065 1037 1097 1095 et
1127 1031 1282 1113 imposuit

104 1138 273 1218 arundini,
310 1144 342 1203 et
373 1135 474 1202 dabat
505 1137 535 1200 ei
565 1135 684 1200 bibere.
738 1133 849 1200 Oeteri
880 1157 955 1200 vero
987 1136 1155 1202 dicebant:
1203 1135 1281 1202 Sine

107 1244 275 1310 videamus
299 1265 340 1309 an
363 1244 473 1308 veniat
494 1241 588 1308 Elias
611 1243 754 1307 liberans
778 1264 860 1307 eum.
906 1242 931 1306 J
933 1264 1006 1308 esus
1030 1249 1141 1309 autem
1164 1244 1282 1309 iterum

90 1351 253 1424 clamans
277 1371 355 1416 voce
378 1371 507 1434 magna,
533 1350 639 1415 emisit
662 1349 822 1432 spiritum.
869 1350 915 1414 Et
943 1371 1016 1415 ecce
1040 1353 1146 1418 velum
1169 1353 1282 1436 templi

108 1457 244 1524 scissum
269 1459 375 1522 estin
398 1457 480 1522 duas
504 1463 614 1539 partes
638 1478 658 1522 a
681 1477 805 1522 summo
829 1478 932 1539 usque
953 1457 1115 1540 deorsum,
1139 1463 1173 1523 et
1195 1465 1283 1523 terra

109 1571 198 1630 mota
222 1569 281 1645 est,
306 1570 339 1628 et
362 1570 474 1646 petrae
498 1563 617 1628 scissae
637 1569 722 1628 sunt.
768 1561 813 1626 Et
832 1569 1040 1629 monumenta
1060 1571 1175 1646 aperta
1191 1571 1282 1630 sunt:

108 1678 140 1736 et
174 1670 280 1736 multa
311 1691 448 1753 corpora
480 1677 683 1750 sanctorum,
721 1670 777 1753 qui
809 1668 1027 1751 dormierant,
1063 1659 1281 1736 surrexerunt,

106 1777 152 1841 Et
168 1784 324 1843 exeuntes
348 1777 388 1842 de
405 1777 619 1842 monumentis
638 1783 713 1858 post
733 1777 1005 1842 resurrectionem
1025 1778 1105 1858 eius,
1126 1783 1284 1843 venerunt
1408 1817 1412 1822 ·

106 1885 140 1947 in
156 1889 302 1949 sanctam
323 1884 496 1966 civitatem,
521 1890 554 1950 et
574 1889 799 1966 apparuerunt
817 1884 936 1948 multia
984 1883 1140 1950 Centurio
1161 1892 1282 1966 autem,

107 1991 219 2074 etqui
244 2011 317 2056 cum
341 2012 379 2056 eo
404 1997 507 2074 erant,
534 1991 753 2068 custodientes
776 1989 904 2072 desum,
931 1992 999 2056 viso
1023 1997 1226 2058 terraemotu
1249 1999 1283 2058 et

106 2097 176 2180 his,
212 2118 298 2181 quae
332 2095 471 2178 fiebant,
507 2097 684 2162 timuerunt
717 2096 829 2178 valde,
864 2097 1027 2163 dicentes:
1073 2099 1162 2168 Vere
1196 2097 1283 2164 filius

106 2203 160 2268 dei
195 2210 267 2268 erat
297 2203 370 2268 iste.
417 2203 523 2298 Erant
556 2211 666 2269 autem
700 2202 747 2267 ibi
782 2203 934 2270 mulieres
970 2204 1094 2270 multae
1126 2225 1146 2268 a
1176 2205 1284 2286 longe,

107 2331 191 2392 quae
215 2316 348 2375 secutae
372 2317 465 2375 erant
487 2309 605 2376 Jesum
628 2331 648 2376 a
671 2307 813 2391 Galilea,
845 2311 1070 2376 ministrantes
1094 2311 1124 2376 ei
1149 2309 1281 2397 (Matth.

105 2415 269 2498 XXVII,
293 2417 450 2504 45-55).

485 4416 909 4442 mmxsmmmmmsvwwnmmvw

530 4455 598 4491 Druck
608 4467 647 4492 von
659 4461 683 4492 Δ.
693 4449 768 4500 nopes
777 4439 867 4499 insum·
