3036 4914
76 289 146 353 431
1208 291 1271 352 127

74 501 150 566 elia
176 501 315 584 ancilla,
339 507 373 566 et
395 500 442 566 ait
464 499 526 582 his,
549 500 607 584 qui
631 505 726 566 erent
748 497 812 566 ibi:
853 497 899 566 Et
921 498 974 566 hic
997 506 1070 568 erat
1092 521 1167 566 cnm
1189 499 1274 568 Jesn

75 606 279 674 Nazareno.
323 607 370 672 lot
391 607 513 673 iterum
533 607 665 690 negavit
684 627 759 674 cum
777 606 979 674 iuramento:
1011 605 1098 692 Quia
1112 628 1178 674 non
1197 608 1272 674 novi

73 715 259 782 nominem
282 713 414 802 (natm
437 711 578 796 xxvi,
606 714 765 800 os-rs).

175 821 279 888 Dicit
302 821 332 886 ei
354 841 439 886 unus
463 841 504 886 ex
533 820 633 886 servis
660 819 841 904 pontificis,
873 825 1032 904 cognatus
1064 820 1149 902 eius,
1179 821 1273 887 cuius

73 929 238 994 abscidit
258 928 379 994 Petrus
402 926 600 994 auriculam:
645 925 764 993 Nonne
791 947 851 1011 ego
874 932 908 993 te
930 927 997 992 vidi
1019 927 1054 992 in
1076 925 1174 994 horto
1198 949 1273 994 cum

77 1033 169 1102 illo?
226 1033 316 1122 (Joh.
339 1031 495 1116 XVIII„
508 1033 576 1120 26).

177 1140 277 1208 'Iuno
292 1141 401 1225 coepit
416 1139 583 1220 detestari,
601 1144 634 1205 et
648 1139 758 1206 iurare
774 1140 933 1224 quianon
944 1141 1086 1207 novisset
1100 1139 1272 1220 hominem.

78 1247 127 1314 nt
154 1249 319 1316 continuo
342 1247 448 1332 gallus
471 1247 625 1314 cantavit.
671 1245 719 1311 Et
747 1247 938 1314 recordatus
967 1253 1015 1312 est
1037 1247 1157 1314 Petrus
1180 1246 1272 1314 verbi

76 1355 183 1440 desu,
211 1353 301 1438 quod
317 1355 463 1420 dixerat:
478 1440 480 1446 Ι
498 1353 596 1420 Prius
612 1375 712 1438 quam
727 1353 834 1437 gallus
854 1359 972 1437 cantet,
989 1359 1110 1422 terme
1126 1353 1271 1440 negabis.

78 1461 128 1526 Et
154 1483 310 1546 egressus
333 1461 434 1542 forae,
457 1457 548 1526 flevit
570 1481 681 1528 amare
705 1459 839 1548 (Matth.
863 1459 1003 1544 XXVI,
1029 1464 1081 1528 74.
1104 1462 1171 1548 75).

177 1673 336 1741 Pontifex
359 1695 435 1758 ergo
458 1674 674 1757 interrogavit
688 1672 713 1739 J
715 1695 805 1740 esum
825 1674 865 1739 de
881 1673 1048 1757 discipulis
1072 1675 1148 1756 suis,
1173 1681 1207 1740 et
1230 1675 1271 1740 de

81 1783 243 1850 doctrina
267 1783 345 1848 eius.
391 1780 575 1864 Respondit
599 1781 630 1846 ei
653 1778 769 1850 Jesus:
816 1779 889 1864 Elgo
915 1780 1027 1864 palam
1049 1780 1177 1846 locutus
1200 1803 1272 1846 sum

86 1888 230 1956 mundo:
265 1910 324 1972 ego
355 1909 483 1972 semper
514 1887 610 1952 docui
632 1888 668 1952 in
691 1909 875 1971 synagoga,
908 1893 940 1954 et
969 1888 1004 1952 in
1034 1889 1173 1972 templo,
1205 1910 1271 1972 quo

90 2017 205 2063 omnes
236 1995 362 2062 Judaei
396 1995 589 2060 conveniunt
619 2001 653 2059 et
683 1995 717 2058 in
748 1993 877 2060 occulto
911 1993 1039 2059 locutus
1075 2015 1147 2060 sum
1181 1994 1271 2059 nihil.

98 2099 184 2184 ‘Quid
196 2125 251 2168 me
267 2099 474 2185 interrogas?
498 2103 665 2184 interroga
682 2121 746 2182 eos,
770 2101 827 2183 qui
842 2099 1026 2180 audierunt,
1047 2100 1128 2184 qnid
1142 2101 1270 2166 locutus

106 2208 167 2272 sim
178 2210 267 2294 ipsis:
292 2231 366 2276 ecce
381 2209 417 2274 hi
432 2209 548 2291 sciunt,
572 2229 657 2292 quae
678 2208 816 2274 dixerim
836 2228 905 2290 ego.
949 2206 1046 2274 Haec
1068 2211 1177 2272 autem
1197 2228 1271 2272 cum

98 2311 238 2398 dixisset,
264 2337 348 2381 unus
366 2316 523 2382 assistens
538 2315 760 2382 ministrorum
776 2313 868 2380 dedit
883 2313 1013 2398 alapam
1028 2312 1121 2398 Iesu,
1145 2312 1270 2380 dicens:

91 2418 144 2486 Sic
158 2421 324 2506 repondes
339 2419 509 2506 pontifici?
553 2421 739 2506 Respondit
762 2422 792 2488 ei
811 2419 929 2488 Jesns:
976 2419 1120 2487 Simalo
1143 2421 1272 2488 locutus

93 2548 171 2610 sum,
198 2529 422 2595 testimonium
444 2527 581 2612 perhibe
605 2528 646 2594 de
668 2529 772 2594 malo:
804 2529 833 2593 si
856 2535 964 2594 eutem
987 2529 1087 2612 bene,
1115 2528 1197 2611 quid
1218 2549 1271 2594 me

93 2633 230 2700 caedis?
276 2635 322 2700 Et
355 2636 445 2700 misit
477 2657 549 2700 eum
580 2633 697 2701 Annas
728 2635 867 2718 ligatum
898 2635 941 2700 ad
972 2633 1134 2718 Caipham
1164 2634 1271 2718 ponti·

85 2741 184 2808 ficem
211 2740 304 2829 (Joh.
328 2741 471 2825 XVIII,
497 2743 651 2827 19—24).

184 3059 284 3126 Multi
316 3061 402 3125 enim
431 3059 653 3126 testimonium
683 3057 803 3124 falsum
833 3058 986 3125 dicebant
1012 3059 1168 3125 adversus
1196 3081 1271 3124 enm

80 3219 92 3234 .
112 3218 120 3231 .
141 3217 149 3232 .
168 3172 204 3232 et
218 3167 353 3250 quidam
373 3170 553 3248 surgentes,
578 3165 698 3231 falsum
711 3165 935 3232 testimonium
950 3164 1100 3232 ferebant
1114 3165 1270 3232 adversus

83 3296 176 3354 eum,
202 3273 363 3338 dicentes:
403 3269 566 3354 Quoniam
588 3292 648 3335 nos
672 3271 852 3336 audivimus
877 3292 951 3336 eum
979 3272 1156 3338 dicentem:
1194 3273 1267 3356 Ego

81 3379 267 3446 dissolvam
290 3378 449 3462 templum
471 3377 534 3444 hoc
555 3397 655 3442 manu
677 3375 819 3458 factum,
852 3384 886 3442 et
915 3399 976 3460 per
1004 3378 1150 3446 triduum
1177 3379 1269 3444 aliud

84 3507 157 3552 non
180 3505 280 3550 manu
303 3482 430 3550 factum
457 3465 647 3550 aedificabo.
695 3531 831 3549 .....
854 3483 904 3549 Ilt
932 3506 1091 3569 exurgens
1122 3507 1267 3552 summus

81 3591 245 3658 sacerdos
258 3592 292 3656 in
303 3590 457 3672 medium,
474 3590 687 3673 interrogavit
698 3588 723 3655 J
724 3611 822 3672 esum,
840 3589 966 3657 dicens:
997 3590 1074 3658 Non
1089 3591 1268 3676 respondes

86 3697 273 3783 quidquam
297 3697 340 3763 ad
370 3718 426 3777 ea,
458 3718 542 3780 quae
567 3697 626 3762 tibi
650 3697 845 3764 obiiciuntur
869 3698 912 3763 ab
942 3697 1018 3766 his?
1065 3699 1129 3764 Ille
1156 3706 1267 3766 autem

86 3803 225 3870 tacebat
255 3810 288 3868 et
318 3803 401 3868 nihil
430 3802 608 3886 respondit.
654 3801 800 3868 Rursum
827 3826 974 3872 summus
997 3804 1148 3872 sacerdos
1171 3807 1269 3872 inter·

88 3909 233 3994 rogabat
248 3931 332 3991 eum,
357 3916 391 3976 et
410 3909 493 3976 dixit
512 3911 558 3976 ei:
606 3908 658 3975 Tu
678 3931 712 3974 es
729 3907 881 3978 Christus
896 3911 982 3978 filius
997 3910 1064 3978 Dei
1079 3911 1266 3979 benedicti?

88 4017 117 4082 J
119 4038 194 4084 esus
219 4022 329 4083 antem
352 4016 434 4082 dixit
456 4016 523 4082 illi:
558 4016 632 4100 Ego
657 4037 744 4082 sum:
770 4023 802 4082 et
824 4017 1103 4084 videbitisfilium
1126 4019 1266 4086 hominis

91 4123 262 4189 sedentem
286 4145 306 4188 a
329 4124 453 4190 dextris
482 4124 611 4189 virtutis
643 4124 712 4206 dei,
744 4130 777 4190 et
807 4125 990 4190 venientem
1020 4147 1094 4191 cum
1124 4126 1267 4192 nubibus

85 4230 184 4294 coeli.
232 4228 383 4297 Summus
407 4237 516 4298 autem
540 4231 692 4299 sacerdos
716 4230 866 4297 scindens
887 4232 1082 4298 vestimenta
1105 4254 1174 4318 sua,
1202 4233 1266 4298 ait:
